@article{baran1964distributed,
  title={On distributed communications: I. Introduction to distributed communications networks},
  author={Baran, Paul},
  year={1964},
  publisher={< bound method Organization. get\_name\_with\_acronym of< Organization: RAND~â€¦}
}

@inproceedings{clark1988design,
  title={The design philosophy of the DARPA Internet protocols},
  author={Clark, David},
  booktitle={Symposium proceedings on Communications architectures and protocols},
  pages={106--114},
  year={1988}
}
