@inproceedings{alizadeh2010data,
  title={Data center tcp (dctcp)},
  author={Alizadeh, Mohammad and Greenberg, Albert and Maltz, David A and Padhye, Jitendra and Patel, Parveen and Prabhakar, Balaji and Sengupta, Sudipta and Sridharan, Murari},
  booktitle={Proceedings of the ACM SIGCOMM 2010 Conference},
  pages={63--74},
  year={2010}
}
@inproceedings{aggarwal2000understanding,
  title={Understanding the performance of TCP pacing},
  author={Aggarwal, Amit and Savage, Stefan and Anderson, Thomas},
  booktitle={Proceedings IEEE INFOCOM 2000. Conference on Computer Communications. Nineteenth Annual Joint Conference of the IEEE Computer and Communications Societies (Cat. No. 00CH37064)},
  volume={3},
  pages={1157--1165},
  year={2000},
  organization={IEEE}
}

@article{brakmo1995tcp,
  title={TCP Vegas: End to end congestion avoidance on a global Internet},
  author={Brakmo, Lawrence S. and Peterson, Larry L.},
  journal={IEEE Journal on selected Areas in communications},
  volume={13},
  number={8},
  pages={1465--1480},
  year={1995},
  publisher={IEEE}
}

@article{fall1996simulation,
  title={Simulation-based comparisons of Tahoe, Reno and SACK TCP},
  author={Fall, Kevin and Floyd, Sally},
  journal={ACM SIGCOMM Computer Communication Review},
  volume={26},
  number={3},
  pages={5--21},
  year={1996},
  publisher={ACM New York, NY, USA}
}

@article{papadimitriou2011open,
  title={Open research issues in Internet congestion control},
  author={Papadimitriou, D and Welzl, M and Scharf, M and Briscoe, B},
  year={2011}
}
